%YAML 1.1
%TAG !u! tag:unity3d.com,2011:
--- !u!1 &5449052644989870672
GameObject:
  m_ObjectHideFlags: 0
  m_CorrespondingSourceObject: {fileID: 0}
  m_PrefabInstance: {fileID: 0}
  m_PrefabAsset: {fileID: 0}
  serializedVersion: 6
  m_Component:
  - component: {fileID: 3914082682174138097}
  - component: {fileID: 592616976610738677}
  - component: {fileID: 2323670464703559649}
  m_Layer: 5
  m_Name: Image (1)
  m_TagString: Untagged
  m_Icon: {fileID: 0}
  m_NavMeshLayer: 0
  m_StaticEditorFlags: 0
  m_IsActive: 1
--- !u!224 &3914082682174138097
RectTransform:
  m_ObjectHideFlags: 0
  m_CorrespondingSourceObject: {fileID: 0}
  m_PrefabInstance: {fileID: 0}
  m_PrefabAsset: {fileID: 0}
  m_GameObject: {fileID: 5449052644989870672}
  m_LocalRotation: {x: 0, y: 0, z: 0, w: 1}
  m_LocalPosition: {x: 0, y: 0, z: 0}
  m_LocalScale: {x: 1, y: 1, z: 1}
  m_Children: []
  m_Father: {fileID: 6852999535363951874}
  m_RootOrder: 19
  m_LocalEulerAnglesHint: {x: 0, y: 0, z: 0}
  m_AnchorMin: {x: 0, y: 0}
  m_AnchorMax: {x: 1, y: 1}
  m_AnchoredPosition: {x: 0, y: 0}
  m_SizeDelta: {x: 0, y: 0}
  m_Pivot: {x: 0.5, y: 0.5}
--- !u!222 &592616976610738677
CanvasRenderer:
  m_ObjectHideFlags: 0
  m_CorrespondingSourceObject: {fileID: 0}
  m_PrefabInstance: {fileID: 0}
  m_PrefabAsset: {fileID: 0}
  m_GameObject: {fileID: 5449052644989870672}
  m_CullTransparentMesh: 0
--- !u!114 &2323670464703559649
MonoBehaviour:
  m_ObjectHideFlags: 0
  m_CorrespondingSourceObject: {fileID: 0}
  m_PrefabInstance: {fileID: 0}
  m_PrefabAsset: {fileID: 0}
  m_GameObject: {fileID: 5449052644989870672}
  m_Enabled: 1
  m_EditorHideFlags: 0
  m_Script: {fileID: -765806418, guid: f70555f144d8491a825f0804e09c671c, type: 3}
  m_Name: 
  m_EditorClassIdentifier: 
  m_Material: {fileID: 2100000, guid: 4eedafad5084240419e649245c7b2093, type: 3}
  m_Color: {r: 0.21382403, g: 1, b: 0, a: 1}
  m_RaycastTarget: 1
  m_OnCullStateChanged:
    m_PersistentCalls:
      m_Calls: []
    m_TypeName: UnityEngine.UI.MaskableGraphic+CullStateChangedEvent, UnityEngine.UI,
      Version=1.0.0.0, Culture=neutral, PublicKeyToken=null
  m_Sprite: {fileID: 21300000, guid: ef5a65cf9e234514d8dea8e98c2200d4, type: 3}
  m_Type: 3
  m_PreserveAspect: 0
  m_FillCenter: 1
  m_FillMethod: 0
  m_FillAmount: 1
  m_FillClockwise: 1
  m_FillOrigin: 0
  m_UseSpriteMesh: 0
--- !u!1001 &6848715886748937622
PrefabInstance:
  m_ObjectHideFlags: 0
  serializedVersion: 2
  m_Modification:
    m_TransformParent: {fileID: 0}
    m_Modifications:
    - target: {fileID: 1300611964618398, guid: 0584839bceadb844fa31b1ca352056ba, type: 3}
      propertyPath: m_Name
      value: ZombieChanged Variant
      objectReference: {fileID: 0}
    - target: {fileID: 4846736819855508, guid: 0584839bceadb844fa31b1ca352056ba, type: 3}
      propertyPath: m_LocalPosition.x
      value: -0.017773405
      objectReference: {fileID: 0}
    - target: {fileID: 4846736819855508, guid: 0584839bceadb844fa31b1ca352056ba, type: 3}
      propertyPath: m_LocalPosition.y
      value: 0
      objectReference: {fileID: 0}
    - target: {fileID: 4846736819855508, guid: 0584839bceadb844fa31b1ca352056ba, type: 3}
      propertyPath: m_LocalPosition.z
      value: 10.062981
      objectReference: {fileID: 0}
    - target: {fileID: 4846736819855508, guid: 0584839bceadb844fa31b1ca352056ba, type: 3}
      propertyPath: m_LocalRotation.x
      value: -0
      objectReference: {fileID: 0}
    - target: {fileID: 4846736819855508, guid: 0584839bceadb844fa31b1ca352056ba, type: 3}
      propertyPath: m_LocalRotation.y
      value: -0.9999901
      objectReference: {fileID: 0}
    - target: {fileID: 4846736819855508, guid: 0584839bceadb844fa31b1ca352056ba, type: 3}
      propertyPath: m_LocalRotation.z
      value: -0
      objectReference: {fileID: 0}
    - target: {fileID: 4846736819855508, guid: 0584839bceadb844fa31b1ca352056ba, type: 3}
      propertyPath: m_LocalRotation.w
      value: 0.004460004
      objectReference: {fileID: 0}
    - target: {fileID: 4846736819855508, guid: 0584839bceadb844fa31b1ca352056ba, type: 3}
      propertyPath: m_RootOrder
      value: 0
      objectReference: {fileID: 0}
    - target: {fileID: 4846736819855508, guid: 0584839bceadb844fa31b1ca352056ba, type: 3}
      propertyPath: m_LocalEulerAnglesHint.x
      value: 0
      objectReference: {fileID: 0}
    - target: {fileID: 4846736819855508, guid: 0584839bceadb844fa31b1ca352056ba, type: 3}
      propertyPath: m_LocalEulerAnglesHint.y
      value: -179.48901
      objectReference: {fileID: 0}
    - target: {fileID: 4846736819855508, guid: 0584839bceadb844fa31b1ca352056ba, type: 3}
      propertyPath: m_LocalEulerAnglesHint.z
      value: 0
      objectReference: {fileID: 0}
    - target: {fileID: 6849720179788278537, guid: 0584839bceadb844fa31b1ca352056ba,
        type: 3}
      propertyPath: HealthRepresentation
      value: 
      objectReference: {fileID: 5382933086991249423}
    m_RemovedComponents:
    - {fileID: 672285855, guid: 0584839bceadb844fa31b1ca352056ba, type: 3}
  m_SourcePrefab: {fileID: 100100000, guid: 0584839bceadb844fa31b1ca352056ba, type: 3}
--- !u!4 &6852999535363951874 stripped
Transform:
  m_CorrespondingSourceObject: {fileID: 4846736819855508, guid: 0584839bceadb844fa31b1ca352056ba,
    type: 3}
  m_PrefabInstance: {fileID: 6848715886748937622}
  m_PrefabAsset: {fileID: 0}
--- !u!114 &5382933086991249423 stripped
MonoBehaviour:
  m_CorrespondingSourceObject: {fileID: 1567116122559471001, guid: 0584839bceadb844fa31b1ca352056ba,
    type: 3}
  m_PrefabInstance: {fileID: 6848715886748937622}
  m_PrefabAsset: {fileID: 0}
  m_GameObject: {fileID: 0}
  m_Enabled: 1
  m_EditorHideFlags: 0
  m_Script: {fileID: -765806418, guid: f70555f144d8491a825f0804e09c671c, type: 3}
  m_Name: 
  m_EditorClassIdentifier: 
